<record><leader>00000cas a2200000 a 4500</leader><controlfield tag="001">23264780</controlfield><controlfield tag="008">910319u1948uuuuiluwr ne      0   a0eng c</controlfield><datafield ind1=" " ind2=" " tag="010"><subfield code="a">sn 91055754 </subfield></datafield><datafield ind1=" " ind2=" " tag="040"><subfield code="a">NVF</subfield><subfield code="b">eng</subfield><subfield code="c">NVF</subfield><subfield code="d">CVF</subfield><subfield code="d">OCL</subfield><subfield code="d">OCLCQ</subfield><subfield code="d">NVF</subfield><subfield code="d">DLC</subfield><subfield code="d">OCLCO</subfield></datafield><datafield ind1="1" ind2=" " tag="029"><subfield code="a">AU@</subfield><subfield code="b">000025879180</subfield></datafield><datafield ind1=" " ind2=" " tag="042"><subfield code="a">pcc</subfield></datafield><datafield ind1=" " ind2=" " tag="043"><subfield code="a">n-us-il</subfield></datafield><datafield ind1="0" ind2=" " tag="130"><subfield code="a">Community reporter (Chicago, Ill.)</subfield></datafield><datafield ind1="1" ind2="0" tag="245"><subfield code="a">Community reporter.</subfield></datafield><datafield ind1="1" ind2=" " tag="246"><subfield code="i">Published on Sundays as:</subfield><subfield code="a">Sunday community reporter</subfield><subfield code="f">Sept. 4-Oct. 2, 1949</subfield></datafield><datafield ind1=" " ind2=" " tag="260"><subfield code="a">[Chicago, Ill.] :</subfield><subfield code="b">Benedictine Press</subfield></datafield><datafield ind1=" " ind2=" " tag="300"><subfield code="a">v.</subfield></datafield><datafield ind1=" " ind2=" " tag="310"><subfield code="a">Weekly,</subfield><subfield code="b">Oct. 5, 1949-</subfield></datafield><datafield ind1=" " ind2=" " tag="321"><subfield code="a">Weekly,</subfield><subfield code="b">Jan. 1, 1948-Aug. 17, 1949</subfield></datafield><datafield ind1=" " ind2=" " tag="321"><subfield code="a">Semiweekly,</subfield><subfield code="b">Aug. 21-Oct. 2, 1949</subfield></datafield><datafield ind1=" " ind2=" " tag="588"><subfield code="a">Description based on: Vol. 1, no. 18 (Jan. 1, 1948).</subfield></datafield><datafield ind1=" " ind2=" " tag="588"><subfield code="a">Latest issue consulted: Oct. 30, 1977.</subfield></datafield><datafield ind1=" " ind2="0" tag="651"><subfield code="a">South Lawndale (Chicago, Ill.)</subfield><subfield code="v">Newspapers.</subfield></datafield><datafield ind1=" " ind2="0" tag="651"><subfield code="a">North Lawndale (Chicago, Ill.)</subfield><subfield code="v">Newspapers.</subfield></datafield><datafield ind1=" " ind2="0" tag="651"><subfield code="a">Archer Heights (Chicago, Ill.)</subfield><subfield code="v">Newspapers.</subfield></datafield><datafield ind1=" " ind2="0" tag="651"><subfield code="a">Brighton Park (Chicago, Ill. : Community Area)</subfield><subfield code="v">Newspapers.</subfield></datafield><datafield ind1=" " ind2="0" tag="651"><subfield code="a">West Elsdon (Chicago, Ill.)</subfield><subfield code="v">Newspapers.</subfield></datafield><datafield ind1=" " ind2="0" tag="651"><subfield code="a">Gage Park (Chicago, Ill. : Community Area)</subfield><subfield code="v">Newspapers.</subfield></datafield><datafield ind1=" " ind2="0" tag="651"><subfield code="a">West Lawn (Chicago, Ill.)</subfield><subfield code="v">Newspapers.</subfield></datafield><datafield ind1=" " ind2=" " tag="752"><subfield code="a">United States</subfield><subfield code="b">Illinois</subfield><subfield code="c">Cook</subfield><subfield code="d">Chicago.</subfield></datafield></record>